@Misc{DQN,
    title = {Human-level control through deep reinforcement learning},
    author = {
        Volodymyr, Mnih and
        Koray, Kavukcuoglu and
        David, Silver and
        Andrei A., Rusu and
        Joel, Veness and
        Marc G., Bellemare and
        Alex, Graves and
        Martin, Riedmiller and
        Andreas K., Fidjel and
        Georg, Ostrovski and
        Stig, Petersen and
        Charles, Beattie and
        Amir, Sadik and
        Ioannis, Antonoglou and
        Helen, King and
        Dharshan, Kumaran and
        Daan, Wierstra and
        Shane, Legg and 
        Demis, Hassabis
    },
    howpublished = {\url{https://www.nature.com/articles/nature14236}},
    year = 2015
}

@Misc{ITS,
    title = {官民 \uppercase{ITS} 構想・ロードマップ 2019},
    author = {高度情報通信ネットワーク社会推進戦略本部, 官民データ活用推進戦略会議},
    howpublished = {\url{https://www.kantei.go.jp/jp/singi/it2/kettei/pdf/20190607/siryou9.pdf}},
    year = 2019
}


@Misc{Sharing,
    title = {サーキュラー・エコノミーで競争優位性を確立する},
    author = {Peter, Lacy and Jakob, Rutqvis},
    howpublished = {\url{https://www.accenture.com/_acnmedia/Accenture/Conversion-Assets/DotCom/Documents/Local/ja-jp/PDF_4/Accenture-Waste-Wealth-Exec-Sum-JP.pdf}},
    year = 2019
}

@Misc{DQNRouteSimple,
    title = {Learning of Exploration Behavior by Reinforcement Learning},
    author = {Katsunari, Shibata},
    howpublished = {\url{http://shws.cc.oita-u.ac.jp/~shibata/pub/SSI05.pdf}},
    year = 2008
}


@Misc{DQNIntersection,
    title = {深層強化学習による車両移動経路と信号機の同時最適化},
    author = {大橋 耕也, 幸島 匡宏, 堤田 恭太, 松林 達史, 戸田 浩之},
    howpublished = {\url{https://db-event.jpn.org/deim2018/data/papers/278.pdf}},
    year = 2008
}

@Misc{Perceptron,
    title = {THE PERCEPTRON: A PROBABILISTIC MODEL FOR INFORMATION STORAGE AND ORGANIZATION IN THE BRAIN1},
    author = {F. ROSENBLATT},
    howpublished = {\url{https://pdfs.semanticscholar.org/5d11/aad09f65431b5d3cb1d85328743c9e53ba96.pdf?_ga=2.74309584.311052074.1580025098-406780135.1580025098}},
    year = 1958
}


@Misc{AlphaGo,
    title = {Mastering the game of Go without human knowledge},
    author = {
        David, Silver and
        Julian, Schrittwieser and
        Karen, Simonyan and
        Ioannis, Antonoglou and
        Aja, Huang and
        Arthur, Guez and 
        Thomas, Hubert and
        Lucas, Baker and
        Matthew, Lai and
        Adrian, Bolton and
        Yutian, Chen and
        Timothy, Lillicrap and
        Fan, Hui and
        Laurent, Sifre and
        George van den, Driessche and
        Thore,  Graepel and
        Demis, Hassabis
    },
    howpublished = {\url{https://www.nature.com/articles/nature24270.epdf}},
    year = 2017
}


@Misc{CNN,
    title = {Object Recognition with Gradient-Based Learning},
    author = {
        Yann, LeCun and
        Patrick, Haffner and
        Léon, Bottou and
        Yoshua, Bengio
    },
    howpublished = {\url{http://yann.lecun.com/exdb/publis/pdf/lecun-99.pdf}},
    year = 1999
}


@Misc{LSTM,
    title = {Long Short-Term Memory},
    author = {
        Sepp, Hochreiter and
        Jürgen,Schmidhuber
    },
    howpublished = {\url{https://www.mitpressjournals.org/doi/10.1162/neco.1997.9.8.1735}},
    year = 1997
}


@Misc{ReinforcementLearning,
    title = {Learning to Solve Markovian Decision Processes},
    author = {
        Satinder P. Singh
    },
    howpublished = {\url{http://web.eecs.umich.edu/~baveja/Papers/Thesis.ps.gz}},
    year = 1997
}



@Misc{QL,
    title = {Learning from Delayed Rewords},
    author = {
        Christpher, John and
        Cornish, Hellaby Watkins
    },
    howpublished = {\url{http://www.cs.rhul.ac.uk/~chrisw/new_thesis.pdf}},
    year = 1989
}
